%% This BibTeX bibliography file was created using BibDesk.
%% http://bibdesk.sourceforge.net/

%% Created for Art Poon at 2018-01-23 14:14:39 -0500 


%% Saved with string encoding Unicode (UTF-8) 



@article{Dayhoff:1983,
	Author = {Dayhoff, Margaret O and Barker, Winona C and Hunt, Lois T},
	Date-Added = {2018-01-23 18:52:08 +0000},
	Date-Modified = {2018-01-23 19:14:39 +0000},
	Journal = {Methods in Enzymology},
	Pages = {524--545},
	Publisher = {Elsevier},
	Title = {Establishing homologies in protein sequences},
	Volume = {91},
	Year = {1983}}
